@article{balke2014agents,
    title={How do agents make decisions? A survey},
    author={Balke, Tina and Gilbert, Nigel},
    journal={Journal of Artificial Societies and Social Simulation},
    volume={17},
    number={4},
    pages={13},
    year={2014}
} 

@article{janssen2001fashions,
  title={Fashions, habits and changing preferences: Simulation of psychological factors affecting market dynamics},
  author={Janssen, Marco A and Jager, Wander},
  journal={Journal of economic psychology},
  volume={22},
  number={6},
  pages={745--772},
  year={2001},
  publisher={Elsevier}
}

@article{arlow1955motivation,
  title={Motivation and Personality: By AH Maslow. New York: Harper \& Brothers, 1954. 411 pp},
  author={Arlow, Jacob, A},
  journal={Psychoanalytic Quarterly},
  volume={24},
  pages={447--448},
  year={1955},
  publisher={The Psychoanalytic Quarterly}
}

@article{max1992development,
  title={Development and human needs},
  author={Max-Neef, Manfred and Elizalde, Antonio and Hopenhayn, Martin},
  journal={Real-life economics: Understanding wealth creation},
  pages={197--213},
  year={1992},
  publisher={Routledge London/New York}
}

@misc{urban1999pecs,
  title={PECS--A Reference Model for the Simulation of Multi-Agent Systems, Tools and Techniques for Social Science Simulation},
  author={Urban, C},
  year={1999},
  publisher={Physica Verlag, Heidelberg, Germany}
}

@inproceedings{wooldridge2001intelligent,
  title={Intelligent agents: The key concepts},
  author={Wooldridge, Michael},
  booktitle={ECCAI Advanced Course on Artificial Intelligence},
  pages={3--43},
  year={2001},
  organization={Springer}
}

@book{bratman1987intention,
  title={Intention, plans, and practical reason},
  author={Bratman, Michael},
  volume={10},
  year={1987},
  publisher={Harvard University Press Cambridge, MA}
}

@inproceedings{pereira2005towards,
  title={Towards an architecture for emotional BDI agents},
  author={Pereira, David and Oliveira, Eugnio and Moreira, Nelma and Sarmento, Lus},
  booktitle={2005 portuguese conference on artificial intelligence},
  pages={40--46},
  year={2005},
  organization={IEEE}
}

@article{tversky1974judgment,
  title={Judgment under uncertainty: Heuristics and biases},
  author={Tversky, Amos and Kahneman, Daniel},
  journal={science},
  volume={185},
  number={4157},
  pages={1124--1131},
  year={1974},
  publisher={American association for the advancement of science}
}

@article{haselton2015evolution,
  title={The evolution of cognitive bias},
  author={Haselton, Martie G and Nettle, Daniel and Murray, Damian R},
  journal={The handbook of evolutionary psychology},
  pages={1--20},
  year={2015},
  publisher={Wiley Online Library}
}